<record><leader>00000cas a2200000Ia 4500</leader><controlfield tag="001">28128354</controlfield><controlfield tag="008">930519c19879999vauen n      s0   a0eng d</controlfield><datafield ind1=" " ind2=" " tag="010"><subfield code="a">sn 99066891 </subfield></datafield><datafield ind1=" " ind2=" " tag="040"><subfield code="a">VIC</subfield><subfield code="b">eng</subfield><subfield code="c">VIC</subfield><subfield code="d">NVK</subfield><subfield code="d">OCLCQ</subfield><subfield code="d">OCLCF</subfield><subfield code="d">OCLCO</subfield></datafield><datafield ind1=" " ind2=" " tag="043"><subfield code="a">n-us-va</subfield></datafield><datafield ind1=" " ind2=" " tag="090"><subfield code="a">LD4332.O2</subfield><subfield code="b">C6</subfield></datafield><datafield ind1="0" ind2=" " tag="130"><subfield code="a">Courier (Norfolk, Va.)</subfield></datafield><datafield ind1="1" ind2="4" tag="245"><subfield code="a">The Courier /</subfield><subfield code="c">Old Dominion University.</subfield></datafield><datafield ind1=" " ind2=" " tag="260"><subfield code="a">[Norfolk, Va. :</subfield><subfield code="b">Old Dominion University, Office of Institutional Advancements]</subfield></datafield><datafield ind1=" " ind2=" " tag="300"><subfield code="a">v. :</subfield><subfield code="b">ill. ;</subfield><subfield code="c">39 cm.</subfield></datafield><datafield ind1=" " ind2=" " tag="310"><subfield code="a">Biweekly (except for breaks in the academic calendar)</subfield></datafield><datafield ind1="0" ind2=" " tag="362"><subfield code="a">Vol. 16, no. 29 (Oct. 9, 1987)-</subfield></datafield><datafield ind1=" " ind2=" " tag="500"><subfield code="a">Title from caption.</subfield></datafield><datafield ind1=" " ind2=" " tag="500"><subfield code="a">News for faculty, staff &amp; students.</subfield></datafield><datafield ind1=" " ind2=" " tag="530"><subfield code="a">Available on microfilm from the Library of Virginia.</subfield></datafield><datafield ind1=" " ind2=" " tag="588"><subfield code="a">Latest issue consulted: Vol. 24, no. 19 (June 16, 1995).</subfield></datafield><datafield ind1="2" ind2="0" tag="610"><subfield code="a">Old Dominion University</subfield><subfield code="v">Newspapers.</subfield></datafield><datafield ind1=" " ind2="0" tag="651"><subfield code="a">Norfolk (Va.)</subfield><subfield code="v">Newspapers.</subfield></datafield><datafield ind1=" " ind2="7" tag="655"><subfield code="a">Newspapers.</subfield><subfield code="2">fast</subfield><subfield code="0">(OCoLC)fst01423814</subfield></datafield><datafield ind1="2" ind2="7" tag="610"><subfield code="a">Old Dominion University.</subfield><subfield code="2">fast</subfield><subfield code="0">(OCoLC)fst00529510</subfield></datafield><datafield ind1=" " ind2="7" tag="651"><subfield code="a">Virginia</subfield><subfield code="z">Norfolk.</subfield><subfield code="2">fast</subfield><subfield code="0">(OCoLC)fst01206844</subfield></datafield><datafield ind1="2" ind2=" " tag="710"><subfield code="a">Old Dominion University.</subfield><subfield code="b">Office of Institutional Advancements.</subfield></datafield><datafield ind1="0" ind2="0" tag="780"><subfield code="t">ODU Courier</subfield><subfield code="w">(DLC)sn 99066894</subfield></datafield></record>